<record><leader>00000cas a22000007a 4500</leader><controlfield tag="001">29189709</controlfield><controlfield tag="008">931025d19371948njumn ne      0    0eng d</controlfield><datafield ind1=" " ind2=" " tag="010"><subfield code="a">sn 93060969 </subfield></datafield><datafield ind1=" " ind2=" " tag="040"><subfield code="a">NJW</subfield><subfield code="b">eng</subfield><subfield code="c">NJW</subfield><subfield code="d">OCL</subfield><subfield code="d">OCLCQ</subfield></datafield><datafield ind1="0" ind2=" " tag="130"><subfield code="a">Observer (Cedar Grove, N.J.)</subfield></datafield><datafield ind1="1" ind2="4" tag="245"><subfield code="a">The observer.</subfield></datafield><datafield ind1=" " ind2=" " tag="260"><subfield code="a">Cedar Grove, N.J. :</subfield><subfield code="b">Star Pub. Co.</subfield></datafield><datafield ind1=" " ind2=" " tag="300"><subfield code="a">v.</subfield></datafield><datafield ind1=" " ind2=" " tag="310"><subfield code="a">Monthly,</subfield><subfield code="b">Oct. 9, 1947-June 3, 1948</subfield></datafield><datafield ind1=" " ind2=" " tag="321"><subfield code="a">Weekly,</subfield><subfield code="b">Mar. 25, 1937-May 28, 1942</subfield></datafield><datafield ind1=" " ind2=" " tag="321"><subfield code="a">Biweekly,</subfield><subfield code="b">Oct. 8, 1942-July 3, 1947</subfield></datafield><datafield ind1="0" ind2=" " tag="362"><subfield code="a">Vol. 1, no. 1 (Mar. 25, 1937)-v. 7, no. 26 (June 3, 1948).</subfield></datafield><datafield ind1=" " ind2=" " tag="500"><subfield code="a">Not published during most summer months.</subfield></datafield><datafield ind1=" " ind2=" " tag="752"><subfield code="a">United States</subfield><subfield code="b">New Jersey</subfield><subfield code="c">Essex</subfield><subfield code="d">Cedar Grove.</subfield></datafield></record>